{1:F01INGBNL2ABXXX0000000000}
{2:I940INGBNL2AXXXN}
{4:
:20:PXXXXXX00000000X
:25:NL04INGBXXXXXXXXXXEUR
:28C:00000
:60F:C180703EUR6238,88
:61:1807040704D181,50NTRFEREF//XXXXXXXXXXXXXX
/TRCD/00100/
:86:/EREF/20180200//CNTP/NL95ABNAXXXXXXXXXX/ABNANL2A/Counterparty
123///REMI/USTD//20180200/
:62F:C180704EUR6057,38
:64:C180704EUR6057,38
:65:C180705EUR6057,38
:65:C180706EUR6057,38
:86:/SUM/1/0/181,50/0,00/
-}